<?xml version="1.0" encoding="UTF-8"?><collection xmlns="http://www.loc.gov/MARC21/slim"><record><leader>00658nam--2200193-i-4500</leader><controlfield tag="001">000048880</controlfield><controlfield tag="002">20161230</controlfield><controlfield tag="005">20161230201047</controlfield><controlfield tag="008">060222s1000------------r-----000-0-eng-d</controlfield><datafield ind1=" " ind2=" " tag="020"><subfield code="a">0071501651</subfield></datafield><datafield ind1=" " ind2=" " tag="040"><subfield code="a">IFIN-HH</subfield></datafield><datafield ind1=" " ind2=" " tag="080"><subfield code="a">539.178.17(061.3)</subfield></datafield><datafield ind1="1" ind2=" " tag="100"><subfield code="a">Carruthers, P</subfield></datafield><datafield ind1="1" ind2="0" tag="245"><subfield code="a">Hadronic matter in collision</subfield><subfield code="b">Proceedings of the second international workshop on local equilibrium in strong interaction physics snata fe, new mexico, usa, april 9-12, 1986</subfield><subfield code="c">P. carruthers, d. strottman (eds.)</subfield></datafield><datafield ind1=" " ind2=" " tag="260"><subfield code="a">Singapore</subfield><subfield code="b">World Scientific</subfield><subfield code="c">1986</subfield></datafield><datafield ind1=" " ind2=" " tag="300"><subfield code="a">537P</subfield></datafield><datafield ind1="1" ind2=" " tag="700"><subfield code="a">Strottman, D</subfield></datafield><datafield ind1=" " ind2=" " tag="852"><subfield code="a">78969</subfield><subfield code="c">539.17</subfield></datafield><datafield ind1=" " ind2=" " tag="CAT"><subfield code="a">Sys</subfield><subfield code="c">20120628</subfield><subfield code="h">100950</subfield></datafield></record></collection>